@article{nature,
      author         = "Agostini, M. and others",
      title          = "{Background free search for neutrinoless double beta
                        decay with GERDA Phase II}",
      year           = "2017",
      eprint         = "1703.00570",
      archivePrefix  = "arXiv",
      primaryClass   = "nucl-ex",
      SLACcitation   = "%%CITATION = ARXIV:1703.00570;%%"
}
@article{Benetti:2006az,
      author         = "Benetti, P. and others",
      title          = "{Measurement of the specific activity of ar-39 in natural
                        argon}",
      collaboration  = "WARP",
      journal        = "Nucl. Instrum. Meth.",
      volume         = "A574",
      year           = "2007",
      pages          = "83-88",
      doi            = "10.1016/j.nima.2007.01.106",
      eprint         = "astro-ph/0603131",
      archivePrefix  = "arXiv",
      primaryClass   = "astro-ph",
      SLACcitation   = "%%CITATION = ASTRO-PH/0603131;%%"
}
@article{PhysRevD.93.081101,
  title = {Results from the first use of low radioactivity argon in a dark matter search},
  author = {Agnes, P. and Agostino, L. and Albuquerque, I. F. M. and Alexander, T. and Alton, A. K. and Arisaka, K. and Back, H. O. and Baldin, B. and Biery, K. and Bonfini, G. and Bossa, M. and Bottino, B. and Brigatti, A. and Brodsky, J. and Budano, F. and Bussino, S. and Cadeddu, M. and Cadonati, L. and Cadoni, M. and Calaprice, F. and Canci, N. and Candela, A. and Cao, H. and Cariello, M. and Carlini, M. and Catalanotti, S. and Cavalcante, P. and Chepurnov, A. and Cocco, A. G. and Covone, G. and Crippa, L. and D'Angelo, D. and D'Incecco, M. and Davini, S. and De Cecco, S. and De Deo, M. and De Vincenzi, M. and Derbin, A. and Devoto, A. and Di Eusanio, F. and Di Pietro, G. and Edkins, E. and Empl, A. and Fan, A. and Fiorillo, G. and Fomenko, K. and Forster, G. and Franco, D. and Gabriele, F. and Galbiati, C. and Giganti, C. and Goretti, A. M. and Granato, F. and Grandi, L. and Gromov, M. and Guan, M. and Guardincerri, Y. and Hackett, B. R. and Hall, J. and Herner, K. and Humble, P. H. and Hungerford, E. V. and Ianni, Al. and Ianni, An. and James, I. and Jollet, C. and Keeter, K. and Kendziora, C. L. and Kobychev, V. and Koh, G. and Korablev, D. and Korga, G. and Kubankin, A. and Li, X. and Lissia, M. and Lombardi, P. and Luitz, S. and Ma, Y. and Machulin, I. N. and Mandarano, A. and Mari, S. M. and Maricic, J. and Marini, L. and Martoff, C. J. and Meregaglia, A. and Meyers, P. D. and Miletic, T. and Milincic, R. and Montanari, D. and Monte, A. and Montuschi, M. and Monzani, M. and Mosteiro, P. and Mount, B. J. and Muratova, V. N. and Musico, P. and Napolitano, J. and Nelson, A. and Odrowski, S. and Orsini, M. and Ortica, F. and Pagani, L. and Pallavicini, M. and Pantic, E. and Parmeggiano, S. and Pelczar, K. and Pelliccia, N. and Perasso, S. and Pocar, A. and Pordes, S. and Pugachev, D. A. and Qian, H. and Randle, K. and Ranucci, G. and Razeto, A. and Reinhold, B. and Renshaw, A. L. and Romani, A. and Rossi, B. and Rossi, N. and Rountree, D. and Sablone, D. and Saggese, P. and Saldanha, R. and Sands, W. and Sangiorgio, S. and Savarese, C. and Segreto, E. and Semenov, D. A. and Shields, E. and Singh, P. N. and Skorokhvatov, M. D. and Smirnov, O. and Sotnikov, A. and Stanford, C. and Suvorov, Y. and Tartaglia, R. and Tatarowicz, J. and Testera, G. and Tonazzo, A. and Trinchese, P. and Unzhakov, E. V. and Vishneva, A. and Vogelaar, B. and Wada, M. and Walker, S. and Wang, H. and Wang, Y. and Watson, A. W. and Westerdale, S. and Wilhelmi, J. and Wojcik, M. M. and Xiang, X. and Xu, J. and Yang, C. and Yoo, J. and Zavatarelli, S. and Zec, A. and Zhong, W. and Zhu, C. and Zuzel, G.},
  collaboration = {DarkSide Collaboration},
  journal = {Phys. Rev. D},
  volume = {93},
  issue = {8},
  pages = {081101},
  numpages = {7},
  year = {2016},
  month = {Apr},
  publisher = {American Physical Society},
  doi = {10.1103/PhysRevD.93.081101},
  url = {https://link.aps.org/doi/10.1103/PhysRevD.93.081101}
}

@misc{agostini_allardt_bakalyarov_barabanov_baudis_bauer_bellotti_belogurov_belyaev_benato_et al._2017, title={Background free search for neutrinoless double beta decay with GERDA Phase II}, url={https://arxiv.org/abs/1703.00570}, journal={[1402.1128] Long Short-Term Memory Based Recurrent Neural Network Architectures for Large Vocabulary Speech Recognition}, author={Agostini and Allardt and Bakalyarov and Barabanov and Baudis and Bauer and Bellotti and Belogurov and Belyaev and Benato and et al.}, year={2017}, month={Apr}} 

